<record><leader>00000cas a2200000 a 4500</leader><controlfield tag="001">45537482</controlfield><controlfield tag="007">hd afu---baca</controlfield><controlfield tag="008">001211d18631881laudr nea     0    0eng c</controlfield><datafield ind1=" " ind2=" " tag="010"><subfield code="a">   00229131 </subfield></datafield><datafield ind1=" " ind2=" " tag="040"><subfield code="a">FUG</subfield><subfield code="b">eng</subfield><subfield code="c">FUG</subfield><subfield code="d">OCLCQ</subfield><subfield code="d">OCLCF</subfield><subfield code="d">OCLCO</subfield><subfield code="d">OCLCQ</subfield><subfield code="d">OCLCA</subfield></datafield><datafield ind1=" " ind2=" " tag="042"><subfield code="a">pcc</subfield></datafield><datafield ind1=" " ind2=" " tag="043"><subfield code="a">n-us-la</subfield></datafield><datafield ind1="0" ind2=" " tag="130"><subfield code="a">New-Orleans times (New Orleans, La. : 1863)</subfield></datafield><datafield ind1="1" ind2="4" tag="245"><subfield code="a">The New-Orleans times.</subfield></datafield><datafield ind1=" " ind2=" " tag="260"><subfield code="a">New Orleans, La. :</subfield><subfield code="b">Thos. P. May &amp; Co.,</subfield><subfield code="c">1863-1881.</subfield></datafield><datafield ind1=" " ind2=" " tag="300"><subfield code="a">volumes :</subfield><subfield code="b">illustrations ;</subfield><subfield code="c">55-69 cm</subfield></datafield><datafield ind1=" " ind2=" " tag="310"><subfield code="a">Daily</subfield></datafield><datafield ind1=" " ind2=" " tag="336"><subfield code="a">text</subfield><subfield code="b">txt</subfield><subfield code="2">rdacontent</subfield></datafield><datafield ind1=" " ind2=" " tag="337"><subfield code="a">microform</subfield><subfield code="b">h</subfield><subfield code="2">rdamedia</subfield></datafield><datafield ind1=" " ind2=" " tag="338"><subfield code="a">microfilm reel</subfield><subfield code="b">hd</subfield><subfield code="2">rdacarrier</subfield></datafield><datafield ind1="0" ind2=" " tag="362"><subfield code="a">Vol. 1, no. 1 (Sept. 20, 1863)-v. 19, no. 63 (Dec. 3, 1881).</subfield></datafield><datafield ind1=" " ind2=" " tag="500"><subfield code="a">Imprint varies: New Orleans, La. : Wm. H.C. King &amp; Co.</subfield></datafield><datafield ind1=" " ind2=" " tag="515"><subfield code="a">Suspended Dec. 20, 1872. Resumed Jan. 1, 1873.</subfield></datafield><datafield ind1=" " ind2=" " tag="525"><subfield code="a">Supplements accompany some issues.</subfield></datafield><datafield ind1=" " ind2=" " tag="530"><subfield code="a">Also issued in the original paper ed.</subfield></datafield><datafield ind1=" " ind2=" " tag="533"><subfield code="a">Microfilm.</subfield><subfield code="b">Washington :</subfield><subfield code="c">Library of Congress, Photoduplication Service.</subfield><subfield code="d">1982.</subfield><subfield code="e">microfilm reels ; 35 mm.</subfield></datafield><datafield ind1=" " ind2="0" tag="651"><subfield code="a">New Orleans (La.)</subfield><subfield code="v">Newspapers.</subfield></datafield><datafield ind1=" " ind2="7" tag="651"><subfield code="a">Louisiana</subfield><subfield code="z">New Orleans.</subfield><subfield code="2">fast</subfield><subfield code="0">(OCoLC)fst01204311</subfield></datafield><datafield ind1=" " ind2="7" tag="655"><subfield code="a">Newspapers.</subfield><subfield code="2">fast</subfield><subfield code="0">(OCoLC)fst01423814</subfield></datafield><datafield ind1=" " ind2=" " tag="752"><subfield code="a">United States</subfield><subfield code="b">Louisiana</subfield><subfield code="c">Orleans</subfield><subfield code="d">New Orleans.</subfield></datafield><datafield ind1="0" ind2=" " tag="775"><subfield code="t">New-Orleans weekly times (New Orleans, La. : 1863)</subfield></datafield><datafield ind1="0" ind2=" " tag="775"><subfield code="t">New-Orleans times (New Orleans, La. : 1863 : Evening ed.)</subfield></datafield><datafield ind1="1" ind2=" " tag="776"><subfield code="c">Original</subfield><subfield code="w">(DLC)sn 83016550</subfield><subfield code="w">(OCoLC)9905960</subfield></datafield><datafield ind1="0" ind2="5" tag="780"><subfield code="t">New Orleans crescent</subfield><subfield code="g">1869</subfield></datafield><datafield ind1="0" ind2="7" tag="785"><subfield code="t">New Orleans Democrat (New Orleans, La. : 1880)</subfield></datafield><datafield ind1="0" ind2="7" tag="785"><subfield code="t">Times-democrat (New Orleans, La. : 1881)</subfield></datafield><datafield ind1="0" ind2=" " tag="787"><subfield code="t">Times (New Orleans, La.)</subfield></datafield><datafield ind1=" " ind2=" " tag="850"><subfield code="a">FU</subfield></datafield></record>